<?xml version="1.0" encoding="UTF-8"?>
<record xmlns="http://www.loc.gov/MARC21/slim" xmlns:xsi="http://www.w3.org/2001/XMLSchema-instance" xsi:schemaLocation="http://www.loc.gov/MARC21/slim http://www.loc.gov/standards/marcxml/schema/MARC21slim.xsd">
<leader>     nam a2200301 a 4500</leader>
<controlfield tag="001">002174883</controlfield>
<controlfield tag="003">NNU</controlfield>
<controlfield tag="005">20061010172441.0</controlfield>
<controlfield tag="008">940831s1954    le a     b    001 0 ara d</controlfield>
<datafield tag="035" ind1="9" ind2=" ">
<subfield code="a">NYUb11206569</subfield>
</datafield>
<datafield tag="035" ind1=" " ind2=" ">
<subfield code="a">(CStRLIN)NYUG94-B45596</subfield>
</datafield>
<datafield tag="040" ind1=" " ind2=" ">
<subfield code="a">NBiSU</subfield>
<subfield code="c">NBiSU</subfield>
<subfield code="d">NNU</subfield>
</datafield>
<datafield tag="043" ind1=" " ind2=" ">
<subfield code="a">a-su---</subfield>
</datafield>
<datafield tag="066" ind1=" " ind2=" ">
<subfield code="c">(3</subfield>
</datafield>
<datafield tag="090" ind1=" " ind2=" ">
<subfield code="a">DS247.9.N35</subfield>
<subfield code="b">R54 1954</subfield>
</datafield>
<datafield tag="100" ind1="1" ind2=" ">
<subfield code="6">880-01</subfield>
<subfield code="a">Rihani, Ameen Fares,</subfield>
<subfield code="d">1876-1940.</subfield>
</datafield>
<datafield tag="245" ind1="1" ind2="0">
<subfield code="6">880-02</subfield>
<subfield code="a">Tārīkh Najd al-ḥadīth wa-mulḥaqātih :</subfield>
<subfield code="b">wa-huwa yashtamal ʻalá nabdhāt thalāth fī nawāḥī Najd wa-Muḥammad Ibn ʻAbd al-Wahhāb wa-al-Wahhābīyah wa-Āl Saʻūd mundhu nashaʼtihim ilá ḥayna istīlāʼ Muḥammad ibn al-Rashīd ʻalá Najd wa-sīrat ʻAbd al-ʻAzīz ibn ʻAbd al-Raḥmān Āl Fayṣal Āl Saʻūd, malik al-Ḥijāz wa-Najd wa-mulḥaqātihumā /</subfield>
<subfield code="c">Amīn al-Rīḥānī.</subfield>
</datafield>
<datafield tag="250" ind1=" " ind2=" ">
<subfield code="6">880-03</subfield>
<subfield code="a">al-Ṭabʻah 2.</subfield>
</datafield>
<datafield tag="260" ind1=" " ind2=" ">
<subfield code="6">880-04</subfield>
<subfield code="a">Bayrūt :</subfield>
<subfield code="b">Dār Rīḥanī,</subfield>
<subfield code="c">1954.</subfield>
</datafield>
<datafield tag="300" ind1=" " ind2=" ">
<subfield code="a">495 p. :</subfield>
<subfield code="b">ill. ;</subfield>
<subfield code="c">21 cm.</subfield>
</datafield>
<datafield tag="500" ind1=" " ind2=" ">
<subfield code="a">In Arabic.</subfield>
</datafield>
<datafield tag="651" ind1=" " ind2="0">
<subfield code="a">Najd (Saudi Arabia)</subfield>
<subfield code="x">History.</subfield>
</datafield>
<datafield tag="600" ind1="0" ind2="0">
<subfield code="a">Ibn Saʻūd,</subfield>
<subfield code="c">King of Saudi Arabia,</subfield>
<subfield code="d">1880-1953.</subfield>
</datafield>
<datafield tag="880" ind1="0" ind2=" ">
<subfield code="6">100-01/</subfield>
<subfield code="a">أمين الريحاني.</subfield>
</datafield>
<datafield tag="880" ind1="1" ind2="0">
<subfield code="6">245-02/</subfield>
<subfield code="a">تاريخ نجد الحديث وملحقاته :</subfield>
<subfield code="b">وهو يشتمل على نبذات ثلاث في نواحي نجد ومحمد بن عبد الوهاب والوهابية وآل سعود منذ نشأتهم الى حين استيلاءمحمد بن الرشيد على نجد وسيرة عبد العزيز بن عبد الرحمن آل فيصل آل سعود، ملك الحجاز ونجد وملحقاتهما /</subfield>
<subfield code="c">أمين الريحاني.</subfield>
</datafield>
<datafield tag="880" ind1=" " ind2=" ">
<subfield code="6">250-03/</subfield>
<subfield code="a">الطبعة ٢.</subfield>
</datafield>
<datafield tag="880" ind1=" " ind2=" ">
<subfield code="6">260-04/</subfield>
<subfield code="a">بيروت :</subfield>
<subfield code="b">دار ريحاني،</subfield>
<subfield code="c">١٩٥٤.</subfield>
</datafield>
<datafield tag="OWN" ind1=" " ind2=" ">
<subfield code="a">GENERAL</subfield>
</datafield>
<datafield tag="903" ind1=" " ind2=" ">
<subfield code="a">OLD</subfield>
</datafield>
<datafield tag="998" ind1=" " ind2=" ">
<subfield code="a">19940831</subfield>
<subfield code="d">19940831</subfield>
<subfield code="d">19940831</subfield>
<subfield code="n">NNU</subfield>
<subfield code="s">1</subfield>
<subfield code="t">c</subfield>
<subfield code="z">p</subfield>
</datafield>
<datafield tag="AVA" ind1=" " ind2=" ">
<subfield code="a">NYU50</subfield>
<subfield code="b">BOBST</subfield>
<subfield code="c">Main Collection</subfield>
<subfield code="d">DS247.9.N35 R54 1954</subfield>
<subfield code="e">unavailable</subfield>
<subfield code="t">Unavailable</subfield>
<subfield code="f">1</subfield>
<subfield code="g">1</subfield>
<subfield code="h">N</subfield>
<subfield code="i">0</subfield>
<subfield code="j">MAIN</subfield>
<subfield code="k">0</subfield>
</datafield>
</record>
